
% Zhang:2013
%	author = {J. Zhang, P. Porras, and J. Ullrich},
@inproceedings{Zhang:2008,
	author = {Zhang, Jing and Porras, P and Ullrich, J},
	title = {Highly predictive blacklisting},
	booktitle = {Proc. of USENIX Security '08},
	location = {San Jose, CA, UA},
	year = {2008},
	pages = {107-122},
}

% Zhang:2013:CBT:2482362.2482390
@inproceedings{Zhang:2013,
 author = {Zhang, Jing and Chivukula, Ari and Bailey, Michael and Karir, Manish and Liu, Mingyan},
 title = {Characterization of blacklists and tainted network traffic},
 booktitle = {Proceedings of the 14th international conference on Passive and Active Measurement},
 series = {PAM'13},
 year = {2013},
 isbn = {978-3-642-36515-7},
 location = {Hong Kong, China},
 pages = {218--228},
 numpages = {11},
 url = {http://dx.doi.org/10.1007/978-3-642-36516-4\_22},
 doi = {10.1007/978-3-642-36516-4\_22},
 acmid = {2482390},
 publisher = {Springer-Verlag},
 address = {Berlin, Heidelberg},
} 

% Wu:2012:ECS:2380718.2380762,
@inproceedings{Wu:2012,
 author = {Wu, Jian and Teregowda, Pradeep and Ram\'{\i}rez, Juan Pablo Fern\'{a}ndez and Mitra, Prasenjit and Zheng, Shuyi and Giles, C. Lee},
 title = {The evolution of a crawling strategy for an academic document search engine: whitelists and blacklists},
 booktitle = {Proceedings of the 3rd Annual ACM Web Science Conference},
 series = {WebSci '12},
 year = {2012},
 isbn = {978-1-4503-1228-8},
 location = {Evanston, Illinois},
 pages = {340--343},
 numpages = {4},
 url = {http://doi.acm.org/10.1145/2380718.2380762},
 doi = {10.1145/2380718.2380762},
 acmid = {2380762},
 publisher = {ACM},
 address = {New York, NY, USA},
 keywords = {information retrieval, search engine, web crawling},
} 

% West:2011:TET:2030376.2030385,
@inproceedings{West:2011,
 author = {West, Andrew G. and Lee, Insup},
 title = {Towards the effective temporal association mining of spam blacklists},
 booktitle = {Proceedings of the 8th Annual Collaboration, Electronic messaging, Anti-Abuse and Spam Conference},
 series = {CEAS '11},
 year = {2011},
 isbn = {978-1-4503-0788-8},
 location = {Perth, Australia},
 pages = {73--82},
 numpages = {10},
 url = {http://doi.acm.org/10.1145/2030376.2030385},
 doi = {10.1145/2030376.2030385},
 acmid = {2030385},
 publisher = {ACM},
 address = {New York, NY, USA},
 keywords = {IP blacklists, association rule learning, botnet detection, email spam, measurement study, temporal data mining},
} 

% PAYWALL
% Peng:2008:RDF:1588303.1590377,
@inproceedings{Peng:2008,
 author = {Peng, Dan and Chang, Guiran and Guo, Rui and Tang, Yanjun},
 title = {Research on DDoS Filtering Algorithm Based on Bloom Filter WhiteList},
 booktitle = {Proceedings of the 2008 International Conference on MultiMedia and Information Technology},
 series = {MMIT '08},
 year = {2008},
 isbn = {978-0-7695-3556-2},
 pages = {291--297},
 numpages = {7},
 url = {http://dx.doi.org/10.1109/MMIT.2008.105},
 doi = {10.1109/MMIT.2008.105},
 acmid = {1590377},
 publisher = {IEEE Computer Society},
 address = {Washington, DC, USA},
 keywords = {DDoS attack, Genetic algorithm, Netflow, Worm},
}

% PAYWALL
% Kim:2008:ASF:1395080.1395320,
@inproceedings{Kim:2008,
 author = {Kim, Tae Hyung and Choi, Young-Sik and Kim, Jong and Hong, Sung Je},
 title = {Annulling SYN Flooding Attacks with Whitelist},
 booktitle = {Proceedings of the 22nd International Conference on Advanced Information Networking and Applications - Workshops},
 series = {AINAW '08},
 year = {2008},
 isbn = {978-0-7695-3096-3},
 pages = {371--376},
 numpages = {6},
 url = {http://dx.doi.org/10.1109/WAINA.2008.218},
 doi = {10.1109/WAINA.2008.218},
 acmid = {1395320},
 publisher = {IEEE Computer Society},
 address = {Washington, DC, USA},
}

% DBLP:journals/corr/abs-0908-2007,
@article{DBLP:journals,
 author  = {Fabio Soldo and
        Anh Le and
        Athina Markopoulou},
 title   = {Predictive Blacklisting as an Implicit Recommendation System},
 journal  = {CoRR},
 volume  = {abs/0908.2007},
 year   = {2009},
 ee    = {http://arxiv.org/abs/0908.2007},
 bibsource = {DBLP, http://dblp.uni-trier.de}
}

